<record><leader>00000cas a22000007a 4500</leader><controlfield tag="001">34204875</controlfield><controlfield tag="008">960216d19031906okuwr n       0    0eng d</controlfield><datafield ind1=" " ind2=" " tag="010"><subfield code="a">sn 96087544 </subfield></datafield><datafield ind1=" " ind2=" " tag="040"><subfield code="a">OBN</subfield><subfield code="b">eng</subfield><subfield code="c">OBN</subfield><subfield code="d">OCLCQ</subfield><subfield code="d">OCLCF</subfield><subfield code="d">OCLCO</subfield></datafield><datafield ind1="1" ind2=" " tag="029"><subfield code="a">AU@</subfield><subfield code="b">000025920047</subfield></datafield><datafield ind1=" " ind2=" " tag="042"><subfield code="a">msc</subfield></datafield><datafield ind1=" " ind2=" " tag="043"><subfield code="a">n-us-ok</subfield></datafield><datafield ind1="0" ind2=" " tag="130"><subfield code="a">Life (Anadarko, Okla. : 1903)</subfield></datafield><datafield ind1="1" ind2="0" tag="245"><subfield code="a">Life.</subfield></datafield><datafield ind1="3" ind2=" " tag="246"><subfield code="a">Anadarko life Oklahoma</subfield></datafield><datafield ind1="3" ind2=" " tag="246"><subfield code="a">Oklahoma life Oklahoma</subfield></datafield><datafield ind1=" " ind2=" " tag="260"><subfield code="a">Anadarko, Okla. :</subfield><subfield code="b">Life Pub. Co.</subfield></datafield><datafield ind1=" " ind2=" " tag="300"><subfield code="a">v.</subfield></datafield><datafield ind1=" " ind2=" " tag="310"><subfield code="a">Weekly</subfield></datafield><datafield ind1="0" ind2=" " tag="362"><subfield code="a">-v. 7, no. 4 (Sep. 15, 1906).</subfield></datafield><datafield ind1="1" ind2=" " tag="362"><subfield code="a">Began in 1903.</subfield></datafield><datafield ind1=" " ind2=" " tag="500"><subfield code="a">Published in Oklahoma City, Okla., July 20, 1905-Sep. 15, 1906.</subfield></datafield><datafield ind1=" " ind2=" " tag="588"><subfield code="a">Description based on: Vol. 1, no. 4 (Sep. 19, 1903).</subfield></datafield><datafield ind1=" " ind2="0" tag="651"><subfield code="a">Anadarko (Okla.)</subfield><subfield code="v">Newspapers.</subfield></datafield><datafield ind1=" " ind2="0" tag="651"><subfield code="a">Oklahoma City (Okla.)</subfield><subfield code="v">Newspapers.</subfield></datafield><datafield ind1=" " ind2="0" tag="651"><subfield code="a">Oklahoma County (Okla.)</subfield><subfield code="v">Newspapers.</subfield></datafield><datafield ind1=" " ind2="0" tag="651"><subfield code="a">Caddo County (Okla.)</subfield><subfield code="v">Newspapers.</subfield></datafield><datafield ind1=" " ind2="7" tag="655"><subfield code="a">Newspapers.</subfield><subfield code="2">fast</subfield><subfield code="0">(OCoLC)fst01423814</subfield></datafield><datafield ind1=" " ind2="7" tag="651"><subfield code="a">Oklahoma</subfield><subfield code="z">Anadarko.</subfield><subfield code="2">fast</subfield><subfield code="0">(OCoLC)fst01221651</subfield></datafield><datafield ind1=" " ind2="7" tag="651"><subfield code="a">Oklahoma</subfield><subfield code="z">Caddo County.</subfield><subfield code="2">fast</subfield><subfield code="0">(OCoLC)fst01223117</subfield></datafield><datafield ind1=" " ind2="7" tag="651"><subfield code="a">Oklahoma</subfield><subfield code="z">Oklahoma City.</subfield><subfield code="2">fast</subfield><subfield code="0">(OCoLC)fst01204376</subfield></datafield><datafield ind1=" " ind2="7" tag="651"><subfield code="a">Oklahoma</subfield><subfield code="z">Oklahoma County.</subfield><subfield code="2">fast</subfield><subfield code="0">(OCoLC)fst01210430</subfield></datafield><datafield ind1=" " ind2=" " tag="752"><subfield code="a">United States</subfield><subfield code="b">Oklahoma</subfield><subfield code="c">Oklahoma</subfield><subfield code="d">Oklahoma City.</subfield></datafield><datafield ind1=" " ind2=" " tag="752"><subfield code="a">United States</subfield><subfield code="b">Oklahoma</subfield><subfield code="c">Caddo</subfield><subfield code="d">Anadarko.</subfield></datafield><datafield ind1="0" ind2="0" tag="785"><subfield code="t">Oklahoma life</subfield><subfield code="w">(DLC)sn 96087545</subfield><subfield code="w">(OCoLC)34204940</subfield></datafield></record>